<record><leader>00000cas a2200000 a 4500</leader><controlfield tag="001">13770712</controlfield><controlfield tag="008">860624d19391996njuwr n       0   a0eng c</controlfield><datafield ind1=" " ind2=" " tag="010"><subfield code="a">sn 86022121 </subfield></datafield><datafield ind1=" " ind2=" " tag="040"><subfield code="a">HLS</subfield><subfield code="b">eng</subfield><subfield code="c">HLS</subfield><subfield code="d">HUL</subfield><subfield code="d">NSD</subfield><subfield code="d">NJW</subfield><subfield code="d">MGN</subfield><subfield code="d">HLS</subfield><subfield code="d">OCLCQ</subfield><subfield code="d">J9U</subfield><subfield code="d">OCLCF</subfield><subfield code="d">OCLCO</subfield></datafield><datafield ind1=" " ind2=" " tag="012"><subfield code="i">8809</subfield><subfield code="m">1</subfield></datafield><datafield ind1="7" ind2=" " tag="016"><subfield code="a">002061886</subfield><subfield code="2">IsJJNL</subfield></datafield><datafield ind1=" " ind2=" " tag="019"><subfield code="a">234081197</subfield></datafield><datafield ind1="0" ind2=" " tag="022"><subfield code="a">1040-7642</subfield><subfield code="l">1040-7642</subfield><subfield code="2">1</subfield></datafield><datafield ind1="1" ind2=" " tag="029"><subfield code="a">AU@</subfield><subfield code="b">000025808921</subfield></datafield><datafield ind1=" " ind2=" " tag="032"><subfield code="a">275660</subfield><subfield code="b">USPS</subfield></datafield><datafield ind1=" " ind2=" " tag="042"><subfield code="a">pcc</subfield><subfield code="a">nsdp</subfield></datafield><datafield ind1=" " ind2=" " tag="043"><subfield code="a">n-us-nj</subfield></datafield><datafield ind1="1" ind2="0" tag="082"><subfield code="a">296</subfield><subfield code="2">11</subfield></datafield><datafield ind1="0" ind2=" " tag="130"><subfield code="a">Jewish record (Atlantic City, N.J.)</subfield></datafield><datafield ind1=" " ind2="4" tag="222"><subfield code="a">The Jewish record</subfield><subfield code="b">(Pleasantville, N.J.)</subfield></datafield><datafield ind1="0" ind2="4" tag="245"><subfield code="a">The Jewish record.</subfield></datafield><datafield ind1=" " ind2=" " tag="260"><subfield code="a">Atlantic City, N.J. :</subfield><subfield code="b">Jewish Record,</subfield><subfield code="c">[1939-1996]</subfield></datafield><datafield ind1=" " ind2=" " tag="300"><subfield code="a">v. :</subfield><subfield code="b">ill. ;</subfield><subfield code="c">38 cm.</subfield></datafield><datafield ind1=" " ind2=" " tag="310"><subfield code="a">Weekly</subfield></datafield><datafield ind1="0" ind2=" " tag="362"><subfield code="a">Vol. 1, no. 1 (Nov. 24, 1939)-v. 58, no. 6 (Dec. 27, 1996).</subfield></datafield><datafield ind1=" " ind2=" " tag="500"><subfield code="a">Published: Pleasantville, N.J. : M. Korik, July 29, 1988-</subfield></datafield><datafield ind1=" " ind2="0" tag="650"><subfield code="a">Jewish newspapers</subfield><subfield code="z">New Jersey.</subfield></datafield><datafield ind1=" " ind2="7" tag="650"><subfield code="a">Jewish newspapers.</subfield><subfield code="2">fast</subfield><subfield code="0">(OCoLC)fst00982872</subfield></datafield><datafield ind1=" " ind2="7" tag="651"><subfield code="a">New Jersey.</subfield><subfield code="2">fast</subfield><subfield code="0">(OCoLC)fst01208379</subfield></datafield><datafield ind1=" " ind2=" " tag="752"><subfield code="a">United States</subfield><subfield code="b">New Jersey</subfield><subfield code="c">Atlantic</subfield><subfield code="d">Pleasantville.</subfield></datafield><datafield ind1=" " ind2=" " tag="752"><subfield code="a">United States</subfield><subfield code="b">New Jersey</subfield><subfield code="c">Atlantic</subfield><subfield code="d">Atlantic City.</subfield></datafield><datafield ind1="0" ind2="0" tag="785"><subfield code="t">Jewish times of the South Jersey seashore</subfield><subfield code="x">1040-7642</subfield><subfield code="w">(DLC)sn 98032816</subfield><subfield code="w">(OCoLC)39099953</subfield></datafield><datafield ind1=" " ind2=" " tag="850"><subfield code="a">MH</subfield></datafield></record>